<?xml version="1.0" encoding="UTF-8"?><record xmlns="http://www.loc.gov/MARC21/slim" xmlns:cinclude="http://apache.org/cocoon/include/1.0" xmlns:zs="http://www.loc.gov/zing/srw/">
  <leader>00406nz  a2200133n  4500</leader>
  <controlfield tag="001">nb2004307765</controlfield>
  <controlfield tag="003">DLC</controlfield>
  <controlfield tag="005">20041113171702.0</controlfield>
  <controlfield tag="008">041112n| acannaabn          |n aaa      </controlfield>
  <datafield tag="010" ind1=" " ind2=" ">
    <subfield code="a">nb2004307765</subfield>
  </datafield>
  <datafield tag="035" ind1=" " ind2=" ">
    <subfield code="a">(Uk)006045752</subfield>
  </datafield>
  <datafield tag="040" ind1=" " ind2=" ">
    <subfield code="a">Uk</subfield>
    <subfield code="b">eng</subfield>
    <subfield code="c">Uk</subfield>
  </datafield>
  <datafield tag="100" ind1="1" ind2=" ">
    <subfield code="a">Hashemi, Sylvana Sofkova</subfield>
  </datafield>
  <datafield tag="670" ind1=" " ind2=" ">
    <subfield code="a">Automatic detection of grammar errors in primary school children's texts, c2003:</subfield>
    <subfield code="b">t.p. (Sylvana Sofkova Hashemi)</subfield>
  </datafield>
</record>